<?xml version="1.0" encoding="UTF-8"?><collection xmlns="http://www.loc.gov/MARC21/slim"><record><leader>00538nam--2200169-i-4500</leader><controlfield tag="001">000000079</controlfield><controlfield tag="002">20161230</controlfield><controlfield tag="005">20170101231247</controlfield><controlfield tag="008">060222s1000------------r-----000-0-eng-d</controlfield><datafield ind1=" " ind2=" " tag="080"><subfield code="a">519.688:519.682.3</subfield></datafield><datafield ind1=" " ind2=" " tag="100"><subfield code="a">Koffman, Elliot B</subfield></datafield><datafield ind1=" " ind2=" " tag="245"><subfield code="a">Problem soling and structured programming in basic</subfield></datafield><datafield ind1=" " ind2=" " tag="260"><subfield code="a">London, Addison-Wesley Publishing Company. XIV + 395 P. + /P.Dif.</subfield></datafield><datafield ind1=" " ind2=" " tag="490"><subfield code="a">Addison-wesley In Computer Science And Information Processing</subfield></datafield><datafield ind1=" " ind2=" " tag="700"><subfield code="a">Friedman, Frank L</subfield></datafield><datafield ind1=" " ind2=" " tag="852"><subfield code="a">49247</subfield></datafield><datafield ind1=" " ind2=" " tag="CAT"><subfield code="a">SYS</subfield><subfield code="c">20170101</subfield><subfield code="h">231247</subfield></datafield></record></collection>